@string{apl = {Appl. Phys. Lett.}}
@string{arpc = {Annu. Rev. Phys. Chem.}}
@string{assp = {Adv. Solid State Phys.}}
@string{cise = {Computing in Science and Eng.}}
@string{cpl = {Chem. Phys. Lett.}}
@string{epl = {Europhys. Lett.}}
@string{ijqc = {Int. J. Quant. Chem.}}
@string{jap = {J. Appl. Phys.}}
@string{jce = {J. Comput. Electron.}}
@string{jcg = {J. Cryst. Growth}}
@string{jcp = {J. Chem. Phys.}}
@string{jem = {J. Elec. Mat.}}
@string{jltp = {J. of Low Temp. Phys.}}
@string{jp = {J. Physique}}
@string{jpc = {J. Phys. Chem.}}
@string{jpcb = {J. Phys. Chem. B}}
@string{jpcm = {J. Phys.: Condens. Matter}}
@string{jsp = {J. Stat. Phys.}}
@string{mrs = {MRS Bull.}}
@string{nature = {Nature}}
@string{npa = {Nuc. Phys. A}}
@string{pe = {Physica E}}
@string{pla = {Phys. Lett. A}}
@string{plb = {Phys. Lett. B}}

@string{pnas = {Proc. Nat. Acad. Sci.}}
@string{pr = {Phys. Rev}}
@string{pra = {Phys. Rev. A}}
@string{prb = {Phys. Rev. B}}
@string{prc = {Phys. Rev. C}}
@string{prd = {Phys. Rev. D}}
@string{pre = {Phys. Rev. E}}
@string{prl = {Phys. Rev. Lett.}}
@string{pssa = {Phys. Stat. Sol. (a)}}
@string{pssb = {Phys. Stat. Sol. (b)}}
@string{rmp = {Rev. Mod. Phys.}}
@string{science = {Science}}
@string{sm = {Superlattices and Microstructures}}
@string{ssc = {Solid State Comm.}}
@string{sst = {Semicond. Sci. Technol.}}

@article{netterfield2009blast,
  title={Blast: The mass function, lifetimes, and properties of intermediate mass cores from a 50 deg2 Submillimeter galactic survey in vela (ℓ≈ 265°)},
  author={Netterfield, Calvin B and Ade, Peter AR and Bock, James J and Chapin, Edward L and Devlin, Mark J and Griffin, Matthew and Gundersen, Joshua O and Halpern, Mark and Hargrave, Peter C and Hughes, David H and others},
  journal={The Astrophysical Journal},
  volume={707},
  number={2},
  pages={1824},
  year={2009},
  publisher={IOP Publishing}
}

@article{da2010new,
  title={New insight into the relation between star formation activity and dust content in galaxies},
  author={da Cunha, Elisabete and Eminian, Celine and Charlot, Stephane and Blaizot, Jeremy},
  journal={Monthly Notices of the Royal Astronomical Society},
  volume={403},
  number={4},
  pages={1894--1908},
  year={2010},
  publisher={The Royal Astronomical Society}
}

@article{dole2006cosmic,
  title={The cosmic infrared background resolved by Spitzer-Contributions of mid-infrared galaxies to the far-infrared background},
  author={Dole, Herve and Lagache, Guilaine and Puget, J-L and Caputi, Karina I and Fernandez-Conde, Nestor and Le Floc'h, E and Papovich, Casey and P{\'e}rez-Gonz{\'a}lez, Pablo G and Rieke, George H and Blaylock, Myra},
  journal={Astronomy \& Astrophysics},
  volume={451},
  number={2},
  pages={417--429},
  year={2006},
  publisher={EDP Sciences}
}

@article{battersby2018origins,
  title={The Origins Space Telescope},
  author={Battersby, Cara and Armus, Lee and Bergin, Edwin and Kataria, Tiffany and Meixner, Margaret and Pope, Alexandra and Stevenson, Kevin B and Cooray, Asantha and Leisawitz, David and Scott, Douglas and others},
  journal={Nature Astronomy},
  volume={2},
  number={8},
  pages={596},
  year={2018},
  publisher={Nature Publishing Group}
}

@article{matsumura2014mission,
  title={Mission design of LiteBIRD},
  author={Matsumura, T and Akiba, Y and Borrill, J and Chinone, Y and Dobbs, M and Fuke, H and Ghribi, A and Hasegawa, M and Hattori, K and Hattori, M and others},
  journal={Journal of Low Temperature Physics},
  volume={176},
  number={5-6},
  pages={733--740},
  year={2014},
  publisher={Springer}
}

@article{mates2012flux,
  title={Flux-ramp modulation for squid multiplexing},
  author={Mates, JAB and Irwin, KD and Vale, LR and Hilton, GC and Gao, J and Lehnert, KW},
  journal={Journal of Low Temperature Physics},
  volume={167},
  number={5-6},
  pages={707--712},
  year={2012},
  publisher={Springer}
}

@article{dober2017microwave,
  title={Microwave SQUID multiplexer demonstration for cosmic microwave background imagers},
  author={Dober, B and Becker, Daniel T and Bennett, Douglas A and Bryan, Sean A and Duff, Shannon M and Gard, Johnathon D and Hays-Wehle, James P and Hilton, GC and Hubmayr, J and Mates, JAB and others},
  journal={Applied physics letters},
  volume={111},
  number={24},
  pages={243510},
  year={2017},
  publisher={AIP Publishing}
}

@article{irwin2004microwave,
  title={Microwave SQUID multiplexer},
  author={Irwin, Kent D and Lehnert, Konrad W},
  journal={Applied physics letters},
  volume={85},
  number={11},
  pages={2107--2109},
  year={2004},
  publisher={AIP}
}

@article{abitbol2017cmb,
  title={CMB-S4 technology book},
  author={Abitbol, Maximilian H and Ahmed, Zeeshan and Barron, Darcy and Thakur, Ritoban Basu and Bender, Amy N and Benson, Bradford A and Bischoff, Colin A and Bryan, Sean A and Carlstrom, John E and Chang, Clarence L and others},
  journal={arXiv preprint arXiv:1706.02464},
  year={2017}
}

@article{abazajian2016cmb,
  title={CMB-S4 science book},
  author={Abazajian, Kevork N and Adshead, Peter and Ahmed, Zeeshan and Allen, Steven W and Alonso, David and Arnold, Kam S and Baccigalupi, Carlo and Bartlett, James G and Battaglia, Nicholas and Benson, Bradford A and others},
  journal={arXiv preprint arXiv:1610.02743},
  year={2016}
}

@article{mates2017simultaneous,
  title={Simultaneous readout of 128 X-ray and gamma-ray transition-edge microcalorimeters using microwave SQUID multiplexing},
  author={Mates, JAB and Becker, Daniel T and Bennett, Douglas A and Dober, BJ and Gard, JD and Hays-Wehle, JP and Fowler, JW and Hilton, GC and Reintsema, CD and Schmidt, DR and others},
  journal={Applied Physics Letters},
  volume={111},
  number={6},
  pages={062601},
  year={2017},
  publisher={AIP Publishing}
}

@article{li2018probing,
  title={Probing Primordial Gravitational Waves: Ali CMB Polarization Telescope},
  author={Li, Hong and Li, Si-Yu and Liu, Yang and Li, Yong-Ping and Cai, Yifu and Li, Mingzhe and Zhao, Gong-Bo and Liu, Cong-Zhan and Li, Zheng-Wei and Xu, He and others},
  journal={National Science Review},
  volume={6},
  number={1},
  pages={145--154},
  year={2018},
  publisher={Oxford University Press}
}

@inproceedings{henderson2018highly,
  title={Highly-multiplexed microwave squid readout using the slac microresonator radio frequency (smurf) electronics for future cmb and sub-millimeter surveys},
  author={Henderson, Shawn W and Ahmed, Zeeshan and Austermann, Jason and Becker, Daniel and Bennett, Douglas A and Brown, David and Chaudhuri, Saptarshi and Cho, Hsiao-Mei Sherry and D'Ewart, John M and Dober, Bradley and others},
  booktitle={Millimeter, Submillimeter, and Far-Infrared Detectors and Instrumentation for Astronomy IX},
  volume={10708},
  pages={1070819},
  year={2018},
  organization={International Society for Optics and Photonics}
}

@article{adam2016planck,
  title={Planck intermediate results-XXX. The angular power spectrum of polarized dust emission at intermediate and high Galactic latitudes},
  author={Adam, R and Ade, Peter AR and Aghanim, Nabila and Arnaud, M and Aumont, J and Baccigalupi, C and Banday, Anthony J and Barreiro, RB and Bartlett, JG and Bartolo, N and others},
  journal={Astronomy \& Astrophysics},
  volume={586},
  pages={A133},
  year={2016},
  publisher={Edp Sciences}
}

@article{lazarian2007radiative,
  title={Radiative torques: analytical model and basic properties},
  author={Lazarian, Alex and Hoang, Thiem},
  journal={Monthly Notices of the Royal Astronomical Society},
  volume={378},
  number={3},
  pages={910--946},
  year={2007},
  publisher={The Royal Astronomical Society}
}

@article{trumpler1930preliminary,
  title={Preliminary results on the distances, dimensions and space distribution of open star clusters},
  author={Trumpler, Robert Julius},
  journal={Lick Observatory Bulletin},
  volume={14},
  pages={154--188},
  year={1930}
}

@article{hiltner1949polarization,
  title={Polarization of light from distant stars by interstellar medium},
  author={Hiltner, WA},
  journal={Science},
  volume={109},
  number={2825},
  pages={165--165},
  year={1949},
  publisher={American Association for the Advancement of Science}
}

@article{hall1949observations,
  title={Observations of the polarized light from stars},
  author={Hall, John S},
  journal={Science},
  volume={109},
  number={2825},
  pages={166--167},
  year={1949},
  publisher={American Association for the Advancement of Science}
}

@article{draine2003interstellar,
  title={Interstellar dust grains},
  author={Draine, Bruce T},
  journal={Annual Review of Astronomy and Astrophysics},
  volume={41},
  number={1},
  pages={241--289},
  year={2003},
  publisher={Annual Reviews 4139 El Camino Way, PO Box 10139, Palo Alto, CA 94303-0139, USA}
}

@article{andersson2015interstellar,
  title={Interstellar dust grain alignment},
  author={Andersson, BG and Lazarian, A and Vaillancourt, John E},
  journal={Annual Review of Astronomy and Astrophysics},
  volume={53},
  pages={501--539},
  year={2015},
  publisher={Annual Reviews}
}

@book{whittet2002dust,
  title={Dust in the galactic environment},
  author={Whittet, Doug CB},
  year={2002},
  publisher={CRC press}
}

@article{dodkins2018mkid,
  title={MKID digital readout tuning with deep learning},
  author={Dodkins, R and Mahashabde, S and O’Brien, K and Thatte, N and Fruitwala, N and Walter, AB and Meeker, SR and Szypryt, P and Mazin, BA},
  journal={Astronomy and computing},
  volume={23},
  pages={60--71},
  year={2018},
  publisher={Elsevier}
}

@article{masi2008olimpo,
  title={OLIMPO},
  author={Masi, Silvia and Battistelli, E and Brienza, D and Conversi, L and Cruciani, A and de Bernardis, P and De Petris, M and Fiadino, P and Iacoangeli, A and Lamagna, L and others},
  journal={Mem. S. It.},
  volume={79},
  pages={887},
  year={2008}
}

@article{hubmayr2014dual,
  title={Dual-polarization-sensitive kinetic inductance detectors for balloon-borne sub-millimeter polarimetry},
  author={Hubmayr, J and Beall, JA and Becker, D and Brevik, JA and Cho, HM and Che, G and Devlin, M and Dober, B and Gao, J and Galitzki, N and others},
  journal={Journal of Low Temperature Physics},
  volume={176},
  number={3-4},
  pages={490--496},
  year={2014},
  publisher={Springer}
}

@article{hubmayr2013dual,
  title={Dual-polarization sensitive mkids for far infrared astrophysics},
  author={Hubmayr, Johannes and Beall, J and Becker, D and Cho, H-M and Dober, Brad and Devlin, Mark and Fox, AM and Gao, J and Hilton, GC and Irwin, KD and others},
  journal={IEEE Transactions on Applied Superconductivity},
  volume={23},
  number={3},
  pages={2400304--2400304},
  year={2013},
  publisher={IEEE}
}

@article{henderson2016advanced,
  title={Advanced actpol cryogenic detector arrays and readout},
  author={Henderson, SW and Allison, R and Austermann, J and Baildon, T and Battaglia, N and Beall, JA and Becker, D and De Bernardis, F and Bond, JR and Calabrese, E and others},
  journal={Journal of Low Temperature Physics},
  volume={184},
  number={3-4},
  pages={772--779},
  year={2016},
  publisher={Springer}
}

@article{doyle2008lumped,
  title={Lumped element kinetic inductance detectors},
  author={Doyle, Simon and Mauskopf, Philip and Naylon, J and Porch, Adrian and Duncombe, C},
  journal={Journal of Low Temperature Physics},
  volume={151},
  number={1-2},
  pages={530--536},
  year={2008},
  publisher={Springer}
}

@techreport{mazin2005microwave,
  title={Microwave kinetic inductance detectors},
  author={Mazin, Benjamin A},
  year={2005}
}

@article{day2003broadband,
  title={A broadband superconducting detector suitable for use in large arrays},
  author={Day, Peter K and LeDuc, Henry G and Mazin, Benjamin A and Vayonakis, Anastasios and Zmuidzinas, Jonas},
  journal={Nature},
  volume={425},
  number={6960},
  pages={817},
  year={2003},
  publisher={Nature Publishing Group}
}

@article{pascale2009blast,
  title={BLAST: A far-infrared measurement of the history of star formation},
  author={Pascale, Enzo and Ade, Peter AR and Bock, James J and Chapin, Edward L and Devlin, Mark J and Dye, Simon and Eales, Steve A and Griffin, Matthew and Gundersen, Joshua O and Halpern, Mark and others},
  journal={The Astrophysical Journal},
  volume={707},
  number={2},
  pages={1740},
  year={2009},
  publisher={IOP Publishing}
}

@article{switzer2017measuring,
  title={Measuring the Cosmological Evolution of Gas and Galaxies with the EXperiment for Cryogenic Large-aperture Intensity Mapping (EXCLAIM)},
  author={Switzer, Eric},
  journal={NASA APRA Proposal},
  year={2017}
}

@inproceedings{kermish2012polarbear,
  title={The POLARBEAR experiment},
  author={Kermish, Zigmund D and Ade, Peter and Anthony, Aubra and Arnold, Kam and Barron, Darcy and Boettger, David and Borrill, Julian and Chapman, Scott and Chinone, Yuji and Dobbs, Matt A and others},
  booktitle={Millimeter, Submillimeter, and Far-Infrared Detectors and Instrumentation for Astronomy VI},
  volume={8452},
  pages={84521C},
  year={2012},
  organization={International Society for Optics and Photonics}
}

@inproceedings{aguirre2018starfire,
  title={STARFIRE: The Spectroscopic Terahertz Airborne Receiver for Far-InfraRed Exploration},
  author={Aguirre, James and STARFIRE Collaboration and others},
  booktitle={American Astronomical Society Meeting Abstracts\# 231},
  volume={231},
  year={2018}
}

@inproceedings{niemack2010actpol,
  title={ACTPol: a polarization-sensitive receiver for the Atacama Cosmology Telescope},
  author={Niemack, Michael D and Ade, PAR and Aguirre, J and Barrientos, F and Beall, JA and Bond, JR and Britton, J and Cho, HM and Das, S and Devlin, MJ and others},
  booktitle={Millimeter, Submillimeter, and Far-Infrared Detectors and Instrumentation for Astronomy V},
  volume={7741},
  pages={77411S},
  year={2010},
  organization={International Society for Optics and Photonics}
}

@article{catalano2018nika2,
  title={The NIKA2 instrument at 30-m IRAM telescope: performance and results},
  author={Catalano, A and Adam, R and Ade, PAR and Andr{\'e}, P and Aussel, H and Beelen, A and Benoit, A and Bideaud, A and Billot, N and Bourrion, O and others},
  journal={Journal of Low Temperature Physics},
  volume={193},
  number={5-6},
  pages={916--922},
  year={2018},
  publisher={Springer}
}

@article{monfardini2010nika,
  title={NIKA: A millimeter-wave kinetic inductance camera},
  author={Monfardini, Alessandro and Swenson, LJ and Bideaud, A and D{\'e}sert, FX and Yates, SJC and Benoit, A and Baryshev, AM and Baselmans, JJA and Doyle, S and Klein, B and others},
  journal={Astronomy \& Astrophysics},
  volume={521},
  pages={A29},
  year={2010},
  publisher={EDP Sciences}
}

@article{bourrion2013high,
  title={High speed readout electronics development for frequency-multiplexed kinetic inductance detector design optimization},
  author={Bourrion, O and Vescovi, C and Catalano, A and Calvo, M and D'Addabbo, A and Goupy, J and Boudou, N and Macias-Perez, JF and Monfardini, A},
  journal={Journal of Instrumentation},
  volume={8},
  number={12},
  pages={C12006},
  year={2013},
  publisher={IOP Publishing}
}

@article{ade2019simons,
  title={The Simons Observatory: science goals and forecasts},
  author={Ade, Peter and Aguirre, James and Ahmed, Zeeshan and Aiola, Simone and Ali, Aamir and Alonso, David and Alvarez, Marcelo A and Arnold, Kam and Ashton, Peter and Austermann, Jason and others},
  journal={Journal of Cosmology and Astroparticle Physics},
  volume={2019},
  number={02},
  pages={056},
  year={2019},
  publisher={IOP Publishing}
}

@article{mazin2013arcons,
  title={ARCONS: A 2024 pixel optical through near-IR cryogenic imaging spectrophotometer},
  author={Mazin, BA and Meeker, Seth R and Strader, MJ and Szypryt, P and Marsden, D and van Eyken, JC and Duggan, GE and Walter, AB and Ulbricht, G and Johnson, M and others},
  journal={Publications of the Astronomical Society of the Pacific},
  volume={125},
  number={933},
  pages={1348},
  year={2013},
  publisher={IOP Publishing}
}

@article{stanchfield2016development,
  title={Development of a microwave squid-multiplexed tes array for mustang-2},
  author={Stanchfield, SM and Ade, PAR and Aguirre, J and Brevik, JA and Cho, HM and Datta, R and Devlin, MJ and Dicker, SR and Dober, B and Egan, D and others},
  journal={Journal of Low Temperature Physics},
  volume={184},
  number={1-2},
  pages={460--465},
  year={2016},
  publisher={Springer}
}

@inproceedings{bock1998silicon,
  title={Silicon nitride micromesh bolometer arrays for SPIRE},
  author={Bock, James J and Glenn, Jason and Grannan, Sabrina M and Irwin, Kent D and Lange, Andrew E and LeDuc, Henry G and Turner, AD},
  booktitle={Advanced Technology MMW, Radio, and Terahertz Telescopes},
  volume={3357},
  pages={297--305},
  year={1998},
  organization={International Society for Optics and Photonics}
}

@article{matthews2014lupus,
  title={Lupus i observations from the 2010 flight of the balloon-borne large aperture submillimeter telescope for polarimetry},
  author={Matthews, Tristan G and Ade, Peter AR and Angil{\`e}, Francesco E and Benton, Steven J and Chapin, Edward L and Chapman, Nicholas L and Devlin, Mark J and Fissel, Laura M and Fukui, Yasuo and Gandilo, Natalie N and others},
  journal={The Astrophysical Journal},
  volume={784},
  number={2},
  pages={116},
  year={2014},
  publisher={IOP Publishing}
}

@inproceedings{pascale2012balloon,
  title={The balloon-borne large-aperture submillimeter telescope for polarimetry-BLASTPol: performance and results from the 2010 Antarctic flight},
  author={Pascale, Enzo and Ade, Peter AR and Angil{\`e}, Francesco E and Benton, Steven J and Devlin, Mark J and Dober, Brad and Fissel, Laura M and Fukui, Yasuo and Gandilo, Natalie N and Gundersen, Joshua O and others},
  booktitle={Ground-based and Airborne Telescopes IV},
  volume={8444},
  pages={844415},
  year={2012},
  organization={International Society for Optics and Photonics}
}

@article{devlin2009over,
  title={Over half of the far-infrared background light comes from galaxies at z≥ 1.2},
  author={Devlin, Mark J and Ade, Peter AR and Aretxaga, Itziar and Bock, James J and Chapin, Edward L and Griffin, Matthew and Gundersen, Joshua O and Halpern, Mark and Hargrave, Peter C and Hughes, David H and others},
  journal={Nature},
  volume={458},
  number={7239},
  pages={737},
  year={2009},
  publisher={Nature Publishing Group}
}

@article{mcgeehan2018low,
  title={Low-Temperature Noise Performance of SuperSpec and Other Developments on the Path to Deployment},
  author={McGeehan, R and Barry, PS and Shirokoff, E and Bradford, CM and Che, G and Glenn, J and Gordon, S and Hailey-Dunsheath, S and Hollister, M and Kov{\'a}cs, A and others},
  journal={Journal of Low Temperature Physics},
  volume={193},
  number={5-6},
  pages={1024--1032},
  year={2018},
  publisher={Springer}
}

@inproceedings{brien2018muscat,
  title={MUSCAT: the Mexico-UK Sub-Millimetre Camera for AsTronomy},
  author={Brien, Thomas LR and Ade, Peter AR and Barry, Peter S and Castillo-Dom{\`\i}nguez, Edgar and Ferrusca, Daniel and Gascard, Thomas and G{\'o}mez, Victor and Hargrave, Peter C and Hornsby, Amber L and Hughes, David and others},
  booktitle={Millimeter, Submillimeter, and Far-Infrared Detectors and Instrumentation for Astronomy IX},
  volume={10708},
  pages={107080M},
  year={2018},
  organization={International Society for Optics and Photonics}
}

@article{masi2019kinetic,
  title={Kinetic Inductance Detectors for the OLIMPO experiment: in--flight operation and performance},
  author={Masi, S and de Bernardis, P and Paiella, A and Piacentini, F and Lamagna, L and Coppolecchia, A and Ade, PAR and Battistelli, ES and Castellano, MG and Colantoni, I and others},
  journal={arXiv preprint arXiv:1902.08993},
  year={2019}
}

@inproceedings{paiella2019kinetic,
  title={Kinetic Inductance Detectors and readout electronics for the OLIMPO experiment},
  author={Paiella, A and Battistelli, ES and Castellano, MG and Colantoni, I and Columbro, F and Coppolecchia, A and D’Alessandro, G and de Bernardis, P and Gordon, S and Lamagna, L and others},
  booktitle={Journal of Physics: Conference Series},
  volume={1182},
  pages={012005},
  year={2019},
  organization={IOP Publishing}
}

@Misc{scipy,
  author =    {Eric Jones and Travis Oliphant and Pearu Peterson and others},
  title =     {{SciPy}: Open source scientific tools for {Python}},
  year =      {2001--},
  url = "http://www.scipy.org/",
}

@article{welch1967use,
  title={The use of fast {F}ourier transform for the estimation of power spectra: a method based on time averaging over short, modified periodograms},
  author={Welch, Peter},
  journal={IEEE Transactions on audio and electroacoustics},
  volume={15},
  number={2},
  pages={70--73},
  year={1967},
  publisher={IEEE}
}

@article{price2016spectrometers,
  title={Spectrometers and polyphase filterbanks in radio astronomy},
  author={Price, Danny C},
  journal={arXiv preprint arXiv:1607.03579},
  year={2016}
}

@book{lyons2004understanding,
  title={Understanding digital signal processing, 3/E},
  author={Lyons, Richard G},
  year={2004},
  publisher={Pearson Education India}
}

@book{strader2016digitial,
  title={Digitial readout for microwave kinetic inductance detectors and applications in high time resolution astronomy},
  author={Strader, Matthew James},
  year={2016},
  publisher={University of California, Santa Barbara}
}

@article{meeker2018darkness,
  title={DARKNESS: A Microwave Kinetic Inductance Detector Integral Field Spectrograph for High-contrast Astronomy},
  author={Meeker, Seth R and Mazin, Benjamin A and Walter, Alex B and Strader, Paschal and Fruitwala, Neelay and Bockstiegel, Clint and Szypryt, Paul and Ulbricht, Gerhard and Coiffard, Gr{\'e}goire and Bumble, Bruce and others},
  journal={Publications of the Astronomical Society of the Pacific},
  volume={130},
  number={988},
  pages={065001},
  year={2018},
  publisher={IOP Publishing}
}

@article{austermann2018millimeter,
  title={Millimeter-wave polarimeters using kinetic inductance detectors for toltec and beyond},
  author={Austermann, JE and Beall, JA and Bryan, SA and Dober, B and Gao, J and Hilton, G and Hubmayr, J and Mauskopf, Philip and McKenney, CM and Simon, SM and others},
  journal={Journal of Low Temperature Physics},
  volume={193},
  number={3-4},
  pages={120--127},
  year={2018},
  publisher={Springer}
}

@article{wheeler2018superspec,
  title={SuperSpec, the on-chip spectrometer: improved NEP and antenna performance},
  author={Wheeler, Jordan and Hailey-Dunsheath, S and Shirokoff, E and Barry, PS and Bradford, CM and Chapman, S and Che, G and Doyle, S and Glenn, J and Gordon, S and others},
  journal={Journal of Low Temperature Physics},
  volume={193},
  number={3-4},
  pages={408--414},
  year={2018},
  publisher={Springer}
}

@article{lesson1966simple,
  title={A simple model of feedback oscillator noise spectrum},
  author={Lesson, DB},
  journal={proc. IEEE},
  volume={54},
  number={2},
  pages={329--330},
  year={1966}
}

@article{marsden2009blast,
  title={BLAST: Resolving the cosmic submillimeter background},
  author={Marsden, Gaelen and Ade, Peter AR and Bock, James J and Chapin, Edward L and Devlin, Mark J and Dicker, Simon R and Griffin, Matthew and Gundersen, Joshua O and Halpern, Mark and Hargrave, Peter C and others},
  journal={The Astrophysical Journal},
  volume={707},
  number={2},
  pages={1729},
  year={2009},
  publisher={IOP Publishing}
}

@inproceedings{hargrave2006performance,
  title={Performance of flight-model on-board calibration sources on Herschel-SPIRE},
  author={Hargrave, Peter and Waskett, Tim and Lim, Tanya and Swinyard, Bruce},
  booktitle={Millimeter and Submillimeter Detectors and Instrumentation for Astronomy III},
  volume={6275},
  pages={627514},
  year={2006},
  organization={International Society for Optics and Photonics}
}

@article{d2013nika,
  title={The NIKA instrument: results and perspectives towards a permanent KID based camera for the Pico Veleta observatory},
  author={D'Addabbo, A and Adam, R and Adane, A and Ade, P and Andre, P and Beelen, A and Belier, B and Beno{\^\i}t, A and Bideaud, A and Billot, N and others},
  journal={arXiv preprint arXiv:1312.4801},
  year={2013}
}

@book{wiebe2008blast,
  title={BLAST: A balloon-borne, large-aperture, submillimetre telescope},
  author={Wiebe, Donald Victor},
  year={2008},
  publisher={University of Toronto}
}

@article{galitzki2014next,
  title={The next generation BLAST experiment},
  author={Galitzki, Nicholas and Ade, Peter AR and Angil{\`e}, Francesco E and Ashton, Peter and Beall, James A and Becker, Dan and Bradford, Kristi J and Che, George and Cho, Hsiao-Mei and Devlin, Mark J and others},
  journal={Journal of Astronomical Instrumentation},
  volume={3},
  number={02},
  pages={1440001},
  year={2014},
  publisher={World Scientific}
}

@article{dober2016optical,
  title={Optical demonstration of thz, dual-polarization sensitive microwave kinetic inductance detectors},
  author={Dober, Brad and Austermann, JA and Beall, JA and Becker, D and Che, George and Cho, HM and Devlin, Mark and Duff, SM and Galitzki, N and Gao, J and others},
  journal={Journal of Low Temperature Physics},
  volume={184},
  number={1-2},
  pages={173--179},
  year={2016},
  publisher={Springer}
}

@inproceedings{lourie2018preflight,
  title={Preflight characterization of the BLAST-TNG receiver and detector arrays},
  author={Lourie, Nathan P and Ade, Peter AR and Angile, Francisco E and Ashton, Peter C and Austermann, Jason E and Devlin, Mark J and Dober, Bradley and Galitzki, Nicholas and Gao, Jiansong and Gordon, Sam and others},
  booktitle={Millimeter, Submillimeter, and Far-Infrared Detectors and Instrumentation for Astronomy IX},
  volume={10708},
  pages={107080L},
  year={2018},
  organization={International Society for Optics and Photonics}
}

@inproceedings{lourie2018design,
  title={Design and characterization of a balloon-borne diffraction-limited submillimeter telescope platform for BLAST-TNG},
  author={Lourie, Nathan P and Angil{\'e}, Francisco E and Ashton, Peter C and Catanzaro, Brian and Devlin, Mark J and Dicker, Simon and Didier, Joy and Dober, Bradley and Fissel, Laura M and Galitzki, Nicholas and others},
  booktitle={Ground-based and Airborne Telescopes VII},
  volume={10700},
  pages={1070022},
  year={2018},
  organization={International Society for Optics and Photonics}
}

@article{boyd1986multitone,
  title={Multitone signals with low crest factor},
  author={Boyd, Stephen},
  journal={IEEE transactions on circuits and systems},
  volume={33},
  number={10},
  pages={1018--1022},
  year={1986},
  publisher={IEEE}
}

@inproceedings{duan2010open,
  title={An open-source readout for MKIDs},
  author={Duan, Ran and McHugh, Sean and Serfass, Bruno and Mazin, Benjamin A and Merrill, Andrew and Golwala, Sunil R and Downes, Thomas P and Czakon, Nicole G and Day, Peter K and Gao, Jiansong and others},
  booktitle={Millimeter, Submillimeter, and Far-Infrared Detectors and Instrumentation for Astronomy V},
  volume={7741},
  pages={77411V},
  year={2010},
  organization={International Society for Optics and Photonics}
}

@article{hickish2016decade,
  title={A decade of developing radio-astronomy instrumentation using casper open-source technology},
  author={Hickish, Jack and Abdurashidova, Zuhra and Ali, Zaki and Buch, Kaushal D and Chaudhari, Sandeep C and Chen, Hong and Dexter, Matthew and Domagalski, Rachel Simone and Ford, John and Foster, Griffin and others},
  journal={Journal of Astronomical Instrumentation},
  volume={5},
  number={04},
  pages={1641001},
  year={2016},
  publisher={World Scientific}
}

@inproceedings{werthimer2011casper,
  title={The CASPER collaboration for high-performance open source digital radio astronomy instrumentation},
  author={Werthimer, Dan},
  booktitle={2011 XXXth URSI general assembly and scientific symposium},
  pages={1--4},
  year={2011},
  organization={IEEE}
}

@article{van2016multiplexed,
  title={Multiplexed readout for 1000-pixel arrays of microwave kinetic inductance detectors},
  author={van Rantwijk, Joris and Grim, Martin and van Loon, Dennis and Yates, Stephen and Baryshev, Andrey and Baselmans, Jochem},
  journal={IEEE Transactions on Microwave Theory and Techniques},
  volume={64},
  number={6},
  pages={1876--1883},
  year={2016},
  publisher={IEEE}
}

@inproceedings{swenson2012mako,
  title={MAKO: a pathfinder instrument for on-sky demonstration of low-cost 350 micron imaging arrays},
  author={Swenson, Loren J and Day, Peter K and Dowell, Charles D and Eom, Byeong H and Hollister, Matthew I and Jarnot, Robert and Kov{\'a}cs, Attila and Leduc, Henry G and McKenney, Christopher M and Monroe, Ryan and others},
  booktitle={Millimeter, Submillimeter, and Far-Infrared Detectors and Instrumentation for Astronomy VI},
  volume={8452},
  pages={84520P},
  year={2012},
  organization={International Society for Optics and Photonics}
}

@inproceedings{dicker2014mustang2,
  title={MUSTANG2: a large focal plan array for the 100 meter Green Bank Telescope},
  author={Dicker, SR and Ade, PAR and Aguirre, J and Brevik, JA and Cho, HM and Datta, R and Devlin, MJ and Dober, B and Egan, D and Ford, J and others},
  booktitle={Millimeter, Submillimeter, and Far-Infrared Detectors and Instrumentation for Astronomy VII},
  volume={9153},
  pages={91530J},
  year={2014},
  organization={International Society for Optics and Photonics}
}

@inproceedings{golwala2012status,
  title={Status of MUSIC, the MUltiwavelength sub/millimeter inductance camera},
  author={Golwala, Sunil R and Bockstiegel, Clint and Brugger, Spencer and Czakon, Nicole G and Day, Peter K and Downes, Thomas P and Duan, Ran and Gao, Jiansong and Gill, Amandeep K and Glenn, Jason and others},
  booktitle={Millimeter, Submillimeter, and Far-Infrared Detectors and Instrumentation for Astronomy VI},
  volume={8452},
  pages={845205},
  year={2012},
  organization={International Society for Optics and Photonics}
}

@article{mchugh2012readout,
  title={A readout for large arrays of microwave kinetic inductance detectors},
  author={McHugh, Sean and Mazin, Benjamin A and Serfass, Bruno and Meeker, Seth and O’Brien, Kieran and Duan, Ran and Raffanti, Rick and Werthimer, Dan},
  journal={Review of Scientific Instruments},
  volume={83},
  number={4},
  pages={044702},
  year={2012},
  publisher={AIP}
}

@article{monfardini2014latest,
  title={Latest NIKA results and the NIKA-2 project},
  author={Monfardini, A and Adam, R and Adane, A and Ade, P and Andr{\'e}, P and Beelen, A and Belier, B and Benoit, A and Bideaud, Aurelien and Billot, N and others},
  journal={Journal of Low Temperature Physics},
  volume={176},
  number={5-6},
  pages={787--795},
  year={2014},
  publisher={Springer}
}

@article{barth2008dynamical,
  title={Dynamical constraints on the masses of the nuclear star cluster and black hole in the late-type spiral galaxy NGC 3621},
  author={Barth, Aaron J and Strigari, Louis E and Bentz, Misty C and Greene, Jenny E and Ho, Luis C},
  journal={The Astrophysical Journal},
  volume={690},
  number={1},
  pages={1031},
  year={2008},
  publisher={IOP Publishing}
}

@article{walter2008things,
  title={THINGS: The HI nearby galaxy survey},
  author={Walter, Fabian and Brinks, Elias and De Blok, WJG and Bigiel, Frank and Kennicutt Jr, Robert C and Thornley, Michele D and Leroy, Adam},
  journal={The Astronomical Journal},
  volume={136},
  number={6},
  pages={2563},
  year={2008},
  publisher={IOP Publishing}
}

@article{elmouttie1998radio,
  title={Radio continuum evidence for nuclear outflow in the Circinus galaxy},
  author={Elmouttie, M and Haynes, RF and Jones, KL and Sadler, EM and Ehle, M},
  journal={Monthly Notices of the Royal Astronomical Society},
  volume={297},
  number={4},
  pages={1202--1218},
  year={1998},
  publisher={Blackwell Science Ltd Oxford, UK}
}

@article{fendt1998spiral,
  title={Spiral pattern in the optical polarization of NGC 6946},
  author={Fendt, Ch and Beck, Rainer and Neininger, Nikolaus},
  journal={Astronomy and Astrophysics},
  volume={335},
  pages={123--133},
  year={1998}
}

@article{ferriere2014analytical,
  title={Analytical models of X-shape magnetic fields in galactic halos},
  author={Ferriere, Katia and Terral, Philippe},
  journal={Astronomy \& Astrophysics},
  volume={561},
  pages={A100},
  year={2014},
  publisher={EDP Sciences}
}

@article{fletcher2011magnetic,
  title={Magnetic fields and spiral arms in the galaxy M51},
  author={Fletcher, A and Beck, R and Shukurov, A and Berkhuijsen, EM and Horellou, Cathy},
  journal={Monthly Notices of the Royal Astronomical Society},
  volume={412},
  number={4},
  pages={2396--2416},
  year={2011},
  publisher={Blackwell Publishing Ltd Oxford, UK}
}

@article{beck2008measuring,
  title={Measuring interstellar magnetic fields by radio synchrotron emission},
  author={Beck, Rainer},
  journal={Proceedings of the International Astronomical Union},
  volume={4},
  number={S259},
  pages={3--14},
  year={2008},
  publisher={Cambridge University Press}
}

@misc{de1985astronomy,
  title={Astronomy and Astrophysics, 147},
  author={de Jong, T and Klein, U and Wielebinski, R and Wunderlich, E},
  year={1985},
  publisher={L6}
}

@article{siebenmorgen2001infrared,
  title={The infrared continuum radiation of NGC 1808-A PAH and polarisation study},
  author={Siebenmorgen, R and Krugel, E and Laureijs, RJ},
  journal={Astronomy \& Astrophysics},
  volume={377},
  number={3},
  pages={735--744},
  year={2001},
  publisher={EDP Sciences}
}

@article{neugebauer1984infrared,
  title={The infrared astronomical satellite (IRAS) mission},
  author={Neugebauer, G and Habing, HJ and van Duinen, RJ and Aumann, HH and Baud, B and Beichman, CA and Beintema, DA and Boggess, N and Clegg, PE and Jong, T de and others},
  journal={Astrophysical Journal},
  volume={278},
  pages={L1},
  year={1984}
}

@article{seiffert2006upper,
  title={An upper limit to polarized submillimetre emission in Arp 220},
  author={Seiffert, Michael and Borys, Colin and Scott, Douglas and Halpern, Mark},
  journal={Monthly Notices of the Royal Astronomical Society},
  volume={374},
  number={2},
  pages={409--414},
  year={2006},
  publisher={Blackwell Publishing Ltd Oxford, UK}
}

@article{jones2019sofia,
  title={SOFIA Far-infrared Imaging Polarimetry of M82 and NGC 253: Exploring the Supergalactic Wind},
  author={Jones, Terry Jay and Dowell, C Darren and Rodriguez, Enrique Lopez and Zweibel, Ellen G and Berthoud, Marc and Chuss, David T and Goldsmith, Paul F and Hamilton, Ryan T and Hanany, Shaul and Harper, Doyal A and others},
  journal={The Astrophysical Journal Letters},
  volume={870},
  number={1},
  pages={L9},
  year={2019},
  publisher={IOP Publishing}
}

@article{greaves2000magnetic,
  title={Magnetic field surrounding the starburst nucleus of the galaxy M82 from polarized dust emission},
  author={Greaves, JS and Holland, WS and Jenness, T and Hawarden, TG},
  journal={Nature},
  volume={404},
  number={6779},
  pages={732},
  year={2000},
  publisher={Nature Publishing Group}
}

@article{han1999magnetic,
  title={Magnetic fields in the spiral galaxy NGC 2997},
  author={Han, JL and Beck, R and Ehle, M and Haynes, RF and Wielebinski, R},
  journal={Astronomy and Astrophysics},
  volume={348},
  pages={405--417},
  year={1999}
}

@article{beck2005magnetic,
  title={Magnetic fields in barred galaxies-IV. NGC 1097 and NGC 1365},
  author={Beck, R and Fletcher, A and Shukurov, A and Snodin, A and Sokoloff, DD and Ehle, M and Moss, D and Shoutenkov, V},
  journal={Astronomy \& Astrophysics},
  volume={444},
  number={3},
  pages={739--765},
  year={2005},
  publisher={EDP Sciences}
}

@article{elmouttie1997radio,
  title={The radio continuum structure of the edge-on spiral galaxy NGC 4945},
  author={Elmouttie, M and Haynes, RF and Jones, KL and Ehle, M and Beck, R and Harnett, JI and Wielebinski, R},
  journal={Monthly Notices of the Royal Astronomical Society},
  volume={284},
  number={4},
  pages={830--838},
  year={1997},
  publisher={Blackwell Science Ltd Oxford, UK}
}

@article{scarrott1993imaging,
  title={Imaging polarimetry of the starburst galaxy NGC 1808: another M82?},
  author={Scarrott, SM and Draper, PW and Stockdale, DP and Wolstencroft, RD},
  journal={Monthly Notices of the Royal Astronomical Society},
  volume={264},
  number={1},
  pages={L7--L12},
  year={1993},
  publisher={Oxford University Press Oxford, UK}
}

@article{sun2018cloud,
  title={Cloud-scale molecular gas properties in 15 nearby galaxies},
  author={Sun, Jiayi and Leroy, Adam K and Schruba, Andreas and Rosolowsky, Erik and Hughes, Annie and Kruijssen, JM Diederik and Meidt, Sharon and Schinnerer, Eva and Blanc, Guillermo A and Bigiel, Frank and others},
  journal={The Astrophysical Journal},
  volume={860},
  number={2},
  pages={172},
  year={2018},
  publisher={IOP Publishing}
}

@article{spoon2000mid,
  title={Mid-infrared ISO spectroscopy of NGC 4945},
  author={Spoon, HWW and Koornneef, J and Moorwood, AFM and Lutz, D and Tielens, AGGM},
  journal={ASTRONOMY \& ASTROPHYSICS},
  volume={357},
  pages={898},
  year={2000}
}

@article{dale2012herschel,
  title={Herschel far-infrared and submillimeter photometry for the KINGFISH sample of nearby galaxies},
  author={Dale, DA and Aniano, G and Engelbracht, CW and Hinz, JL and Krause, O and Montiel, EJ and Roussel, H and Appleton, PN and Armus, L and Beirao, P and others},
  journal={The Astrophysical Journal},
  volume={745},
  number={1},
  pages={95},
  year={2012},
  publisher={IOP Publishing}
}

@article{leroy2016portrait,
  title={A portrait of cold gas in galaxies at 60 pc resolution and a simple method to test hypotheses that link small-scale ism structure to galaxy-scale processes},
  author={Leroy, Adam K and Hughes, Annie and Schruba, Andreas and Rosolowsky, Erik and Blanc, Guillermo A and Bolatto, Alberto D and Colombo, Dario and Escala, Andres and Kramer, Carsten and Kruijssen, JM Diederik and others},
  journal={The Astrophysical Journal},
  volume={831},
  number={1},
  pages={16},
  year={2016},
  publisher={IOP Publishing}
}

@article{knapen2004nuclear,
  title={The nuclear ring in the unbarred galaxy NGC 278: Result of a minor merger?},
  author={Knapen, Johan H and Whyte, LF and De Blok, WJG and Van Der Hulst, JM},
  journal={Astronomy \& Astrophysics},
  volume={423},
  number={2},
  pages={481--493},
  year={2004},
  publisher={EDP Sciences}
}

@article{kandus2011primordial,
  title={Primordial magnetogenesis},
  author={Kandus, Alejandra and Kunze, Kerstin E and Tsagas, Christos G},
  journal={Physics Reports},
  volume={505},
  number={1},
  pages={1--58},
  year={2011},
  publisher={Elsevier}
}

@article{shukurov2019physical,
  title={A physical approach to modelling large-scale galactic magnetic fields},
  author={Shukurov, Anvar and Rodrigues, Luiz Felippe S and Bushby, Paul J and Hollins, James and Rachen, Jorg P},
  year={2019}
}

@article{heald2009westerbork,
  title={The Westerbork SINGS survey-II Polarization, Faraday rotation, and magnetic fields},
  author={Heald, G and Braun, R and Edmonds, R},
  journal={Astronomy \& Astrophysics},
  volume={503},
  number={2},
  pages={409--435},
  year={2009},
  publisher={EDP Sciences}
}

@article{sofue1985large,
  title={Large-scale configuration of magnetic fields in spiral galaxies},
  author={Sofue, Y and Klein, U and Beck, R and Wielebinski, R},
  journal={Astronomy and Astrophysics},
  volume={144},
  pages={257--260},
  year={1985}
}

@article{beck2006origin,
  title={The origin of magnetic fields in galaxies: Observational tests with the Square Kilometre Array},
  author={Beck, Rainer},
  journal={Astronomische Nachrichten: Astronomical Notes},
  volume={327},
  number={5-6},
  pages={512--516},
  year={2006},
  publisher={Wiley Online Library}
}

@article{beck2016magnetic,
  title={Magnetic fields in spiral galaxies},
  author={Beck, Rainer},
  journal={The Astronomy and Astrophysics Review},
  volume={24},
  number={1},
  pages={4},
  year={2016},
  publisher={Springer}
}

@article{kronberg1994extragalactic,
  title={Extragalactic magnetic fields},
  author={Kronberg, Philipp P},
  journal={Reports on Progress in Physics},
  volume={57},
  number={4},
  pages={325},
  year={1994},
  publisher={IOP Publishing}
}

@article{beck2001galactic,
  title={Galactic and extragalactic magnetic fields},
  author={Beck, Rainer},
  journal={Space Science Reviews},
  volume={99},
  number={1-4},
  pages={243--260},
  year={2001},
  publisher={Springer}
}

@article{fan1996origin,
  title={Origin of the magnetic spiral arms in the galaxy NGC6946},
  author={Fan, Zuhui and Lou, Yu-Qing},
  journal={Nature},
  volume={383},
  number={6603},
  pages={800},
  year={1996},
  publisher={Nature Publishing Group}
}

@article{wiebe2009blast,
  title={BLAST observations of resolved galaxies: temperature profiles and the effect of active galactic nuclei on FIR to submillimeter emission},
  author={Wiebe, Donald V and Ade, Peter AR and Bock, James J and Chapin, Edward L and Devlin, Mark J and Dicker, Simon and Griffin, Matthew and Gundersen, Joshua O and Halpern, Mark and Hargrave, Peter C and others},
  journal={The Astrophysical Journal},
  volume={707},
  number={2},
  pages={1809},
  year={2009},
  publisher={IOP Publishing}
}

@article{frick2016magnetic,
  title={Magnetic and gaseous spiral arms in M83},
  author={Frick, P and Stepanov, R and Beck, R and Sokoloff, D and Shukurov, A and Ehle, M and Lundgren, A},
  journal={Astronomy \& Astrophysics},
  volume={585},
  pages={A21},
  year={2016},
  publisher={EDP Sciences}
}

@article{soler2017relation,
  title={The relation between the column density structures and the magnetic field orientation in the Vela C molecular complex},
  author={Soler, JD and Ade, PAR and Angil{\`e}, FE and Ashton, P and Benton, SJ and Devlin, MJ and Dober, B and Fissel, LM and Fukui, Y and Galitzki, N and others},
  journal={Astronomy \& Astrophysics},
  volume={603},
  pages={A64},
  year={2017},
  publisher={EDP Sciences}
}

@article{fissel2018relative,
  title={Relative Alignment Between the Magnetic Field and Molecular Gas Structure in the Vela C Giant Molecular Cloud using Low and High Density Tracers},
  author={Fissel, Laura M and Ade, Peter AR and Angil{\`e}, Francesco E and Ashton, Peter and Benton, Steven J and Chen, Che-Yu and Cunningham, Maria and Devlin, Mark J and Dober, Bradley and Friesen, Rachel and others},
  journal={arXiv preprint arXiv:1804.08979},
  year={2018}
}

@article{soler2013imprint,
  title={An imprint of molecular cloud magnetization in the morphology of the dust polarized emission},
  author={Soler, Juan Diego and Hennebelle, P and Martin, PG and Miville-Deschenes, M-A and Netterfield, C Barth and Fissel, LM},
  journal={The Astrophysical Journal},
  volume={774},
  number={2},
  pages={128},
  year={2013},
  publisher={IOP Publishing}
}

@article{gendelev2012evolution,
  title={Evolution of Blister-type H II regions in a magnetized medium},
  author={Gendelev, Leo and Krumholz, Mark R},
  journal={The Astrophysical Journal},
  volume={745},
  number={2},
  pages={158},
  year={2012},
  publisher={IOP Publishing}
}

@article{liu2018holistic,
  title={A holistic perspective on the dynamics of G035. 39-00.33: the interplay between gas and magnetic fields},
  author={Liu, Tie and Li, Pak Shing and Juvela, Mika and Kim, Kee-Tae and Evans II, Neal J and Di Francesco, James and Liu, Sheng-Yuan and Yuan, Jinghua and Tatematsu, Ken’ichi and Zhang, Qizhou and others},
  journal={The Astrophysical Journal},
  volume={859},
  number={2},
  pages={151},
  year={2018},
  publisher={IOP Publishing}
}

@article{beck2009galactic,
  title={Galactic and extragalactic magnetic fields--a concise review},
  author={Beck, R},
  journal={Astrophysics and Space Sciences Transactions},
  volume={5},
  number={1},
  pages={43--47},
  year={2009},
  publisher={Copernicus GmbH}
}

@article{tremblin2014age,
  title={Age, size, and position of H ii regions in the Galaxy-Expansion of ionized gas in turbulent molecular clouds},
  author={Tremblin, Pascal and Anderson, LD and Didelon, P and Raga, Alejandro C and Minier, V and Ntormousi, E and Pettitt, A and Pinto, C and Samal, MR and Schneider, N and others},
  journal={Astronomy \& Astrophysics},
  volume={568},
  pages={A4},
  year={2014},
  publisher={EDP Sciences}
}

@article{crutcher2012magnetic,
  title={Magnetic fields in molecular clouds},
  author={Crutcher, Richard M},
  journal={Annual Review of Astronomy and Astrophysics},
  volume={50},
  pages={29--63},
  year={2012},
  publisher={Annual Reviews}
}

@article{churchwell2006bubbling,
  title={The bubbling galactic disk},
  author={Churchwell, E and Povich, MS and Allen, D and Taylor, MG and Meade, MR and Babler, BL and Indebetouw, R and Watson, C and Whitney, BA and Wolfire, MG and others},
  journal={The Astrophysical Journal},
  volume={649},
  number={2},
  pages={759},
  year={2006},
  publisher={IOP Publishing}
}

@article{aghanim2016planck,
  title={Planck intermediate results-XXXIV. The magnetic field structure in the Rosette Nebula},
  author={Aghanim, Nabila and Alves, MIR and Arnaud, Monique and Arzoumanian, D and Aumont, J and Baccigalupi, C and Banday, AJ and Barreiro, RB and Bartolo, N and Battaner, E and others},
  journal={Astronomy \& Astrophysics},
  volume={586},
  pages={A137},
  year={2016},
  publisher={EDP Sciences}
}

@article{pavel2012h,
  title={H II Region Driven Galactic Bubbles and Their Relationship to the Galactic Magnetic Field},
  author={Pavel, Michael D and Clemens, Dan P},
  journal={The Astrophysical Journal},
  volume={760},
  number={2},
  pages={150},
  year={2012},
  publisher={IOP Publishing}
}

@article{anderson2012dust,
  title={The dust properties of bubble H II regions as seen by Herschel},
  author={Anderson, LD and Zavagno, A and Deharveng, L and Abergel, A and Motte, F and Andr{\'e}, Ph and Bernard, J-P and Bontemps, S and Hennemann, M and Hill, T and others},
  journal={Astronomy \& Astrophysics},
  volume={542},
  pages={A10},
  year={2012},
  publisher={EDP Sciences}
}

@article{beckwith10aj,
  title={AJ 99, 924 (1990)},
  author={Beckwith, SVW and Sargent, AI and Chini, RS and Guesten, R},
  journal={DOI},
  volume={10},
  pages={115385}
}

@article{pellegrini2007magnetically,
  title={A magnetically supported photodissociation region in M17},
  author={Pellegrini, EW and Baldwin, JA and Brogan, CL and Hanson, MM and Abel, NP and Ferland, Gary J and Nemala, HB and Shaw, G and Troland, Thomas H},
  journal={The Astrophysical Journal},
  volume={658},
  number={2},
  pages={1119},
  year={2007},
  publisher={IOP Publishing}
}

@article{rahner2017winds,
  title={Winds and radiation in unison: a new semi-analytic feedback model for cloud dissolution},
  author={Rahner, Daniel and Pellegrini, Eric W and Glover, Simon CO and Klessen, Ralf S},
  journal={Monthly Notices of the Royal Astronomical Society},
  volume={470},
  number={4},
  pages={4453--4472},
  year={2017},
  publisher={Oxford University Press}
}

@article{mathis1990interstellar,
  title={Interstellar dust and extinction},
  author={Mathis, John S},
  journal={Annual Review of Astronomy and Astrophysics},
  volume={28},
  number={1},
  pages={37--70},
  year={1990},
  publisher={Annual Reviews 4139 El Camino Way, PO Box 10139, Palo Alto, CA 94303-0139, USA}
}

@article{shirley2011observational,
  title={Observational Constraints on Submillimeter Dust Opacity},
  author={Shirley, Yancy L and Huard, Tracy L and Pontoppidan, Klaus M and Wilner, David J and Stutz, Amelia M and Bieging, John H and Evans II, Neal J},
  journal={The Astrophysical Journal},
  volume={728},
  number={2},
  pages={143},
  year={2011},
  publisher={IOP Publishing}
}

@article{rebolledo2015carina,
  title={The Carina Nebula and Gum 31 molecular complex--I. Molecular gas distribution, column densities, and dust temperatures},
  author={Rebolledo, David and Burton, Michael and Green, Anne and Braiding, Catherine and Molinari, Sergio and Wong, Graeme and Blackwell, Rebecca and Elia, Davide and Schisano, Eugenio},
  journal={Monthly Notices of the Royal Astronomical Society},
  volume={456},
  number={3},
  pages={2406--2424},
  year={2015},
  publisher={The Royal Astronomical Society}
}

@article{rebolledo2017carina,
  title={The Carina Nebula and Gum 31 molecular complex--II. The distribution of the atomic gas revealed in unprecedented detail},
  author={Rebolledo, David and Green, Anne J and Burton, Michael and Brooks, Kate and Breen, Shari L and Gaensler, BM and Contreras, Yanett and Braiding, Catherine and Purcell, Cormac},
  journal={Monthly Notices of the Royal Astronomical Society},
  volume={472},
  number={2},
  pages={1685--1704},
  year={2017},
  publisher={Oxford University Press}
}

@article{brunt2009turbulent,
  title={Turbulent driving scales in molecular clouds},
  author={Brunt, CM and Heyer, MH and Mac Low, M-M},
  journal={Astronomy \& Astrophysics},
  volume={504},
  number={3},
  pages={883--890},
  year={2009},
  publisher={EDP Sciences}
}

@article{myers1991dispersion,
  title={On the dispersion in direction of interstellar polarization},
  author={Myers, PC and Goodman, AA},
  journal={The Astrophysical Journal},
  volume={373},
  pages={509--524},
  year={1991}
}

@article{kudoh2003nonlinear,
  title={Nonlinear hydromagnetic wave support of a stratified molecular cloud},
  author={Kudoh, Takahiro and Basu, Shantanu},
  journal={The Astrophysical Journal},
  volume={595},
  number={2},
  pages={842},
  year={2003},
  publisher={IOP Publishing}
}

@article{heitsch2001magnetic,
  title={Magnetic field diagnostics based on far-infrared polarimetry: tests using numerical simulations},
  author={Heitsch, Fabian and Zweibel, Ellen G and Mac Low, Mordecai-Mark and Li, Pakshing and Norman, Michael L},
  journal={The Astrophysical Journal},
  volume={561},
  number={2},
  pages={800},
  year={2001},
  publisher={IOP Publishing}
}

@article{padoan2001theoretical,
  title={Theoretical models of polarized dust emission from protostellar cores},
  author={Padoan, Paolo and Goodman, Alyssa and Draine, BT and Juvela, Mika and Nordlund, {\AA}ke and R{\"o}gnvaldsson, {\"O}rn{\'o}lfur Einar},
  journal={The Astrophysical Journal},
  volume={559},
  number={2},
  pages={1005},
  year={2001},
  publisher={IOP Publishing}
}

@article{ostriker2001density,
  title={Density, velocity, and magnetic field structure in turbulent molecular cloud models},
  author={Ostriker, Eve C and Stone, James M and Gammie, Charles F},
  journal={The Astrophysical Journal},
  volume={546},
  number={2},
  pages={980},
  year={2001},
  publisher={IOP Publishing}
}

@article{cho2016technique,
  title={A TECHNIQUE FOR CONSTRAINING THE DRIVING SCALE OF TURBULENCE AND A MODIFIED CHANDRASEKHAR--FERMI METHOD},
  author={Cho, Jungyeon and Yoo, Hyunju},
  journal={The Astrophysical Journal},
  volume={821},
  number={1},
  pages={21},
  year={2016},
  publisher={IOP Publishing}
}

@article{hildebrand2009dispersion,
  title={Dispersion of magnetic fields in molecular clouds. I},
  author={Hildebrand, Roger H and Kirby, Larry and Dotson, Jessie L and Houde, Martin and Vaillancourt, John E},
  journal={The Astrophysical Journal},
  volume={696},
  number={1},
  pages={567},
  year={2009},
  publisher={IOP Publishing}
}

@book{tielens2005physics,
  title={The physics and chemistry of the interstellar medium},
  author={Tielens, Alexander GGM},
  year={2005},
  publisher={Cambridge University Press}
}

@article{soler2016magnetic,
  title={Magnetic field morphology in nearby molecular clouds as revealed by starlight and submillimetre polarization},
  author={Soler, JD and Alves, F and Boulanger, F and Bracco, A and Falgarone, E and Franco, GAP and Guillet, V and Hennebelle, P and Levrier, F and Martin, PG and others},
  journal={Astronomy \& Astrophysics},
  volume={596},
  pages={A93},
  year={2016},
  publisher={EDP Sciences}
}

@article{ward2017first,
  title={First Results from BISTRO: A SCUBA-2 Polarimeter Survey of the Gould Belt},
  author={Ward-Thompson, Derek and Pattle, Kate and Bastien, Pierre and Furuya, Ray S and Kwon, Woojin and Lai, Shih-Ping and Qiu, Keping and Berry, David and Choi, Minho and Coud{\'e}, Simon and others},
  journal={The Astrophysical Journal},
  volume={842},
  number={1},
  pages={66},
  year={2017},
  publisher={IOP Publishing}
}

@article{juvela2018dust,
  title={Dust spectrum and polarisation at 850 $\mu$m in the massive IRDC G035. 39-00.33},
  author={Juvela, Mika and Guillet, Vincent and Liu, Tie and Ristorcelli, Isabelle and Pelkonen, Veli-Matti and Alina, Dana and Bronfman, Leonardo and Eden, David J and Kim, Kee Tae and Koch, Patrick M and others},
  journal={Astronomy \& Astrophysics},
  volume={620},
  pages={A26},
  year={2018},
  publisher={EDP Sciences}
}

@article{soam2018magnetic,
  title={Magnetic Fields toward Ophiuchus-B Derived from SCUBA-2 Polarization Measurements},
  author={Soam, Archana and Pattle, Kate and Ward-Thompson, Derek and Lee, Chang Won and Sadavoy, Sarah and Koch, Patrick M and Kim, Gwanjeong and Kwon, Jungmi and Kwon, Woojin and Arzoumanian, Doris and others},
  journal={The Astrophysical Journal},
  volume={861},
  number={1},
  pages={65},
  year={2018},
  publisher={IOP Publishing}
}

@article{motte1998initial,
  title={The initial conditions of star formation in the rho Ophiuchi main cloud: wide-field millimeter continuum mapping},
  author={Motte, F and Andr{\'e}, Ph and Neri, R},
  journal={Astronomy and Astrophysics},
  volume={336},
  pages={150--172},
  year={1998}
}

@article{houde2004evaluating,
  title={Evaluating the magnetic field strength in molecular clouds},
  author={Houde, Martin},
  journal={The Astrophysical Journal Letters},
  volume={616},
  number={2},
  pages={L111},
  year={2004},
  publisher={IOP Publishing}
}

@article{falceta2008studies,
  title={Studies of regular and random magnetic fields in the ISM: statistics of polarization vectors and the Chandrasekhar-Fermi technique},
  author={Falceta-Gon{\c{c}}alves, Diego and Lazarian, Alex and Kowal, Grzegorz},
  journal={The Astrophysical Journal},
  volume={679},
  number={1},
  pages={537},
  year={2008},
  publisher={IOP Publishing}
}

@article{franco2015tracing,
  title={Tracing the magnetic field morphology of the Lupus I molecular cloud},
  author={Franco, GAP and Alves, FO},
  journal={The Astrophysical Journal},
  volume={807},
  number={1},
  pages={5},
  year={2015},
  publisher={IOP Publishing}
}

@article{crutcher2004scuba,
  title={SCUBA polarization measurements of the magnetic field strengths in the L183, L1544, and L43 prestellar cores},
  author={Crutcher, Richard M and Nutter, DJ and Ward-Thompson, D and Kirk, JM},
  journal={The Astrophysical Journal},
  volume={600},
  number={1},
  pages={279},
  year={2004},
  publisher={IOP Publishing}
}

@article{houde2009dispersion,
  title={Dispersion of Magnetic Fields in Molecular Clouds. II.},
  author={Houde, Martin and Vaillancourt, John E and Hildebrand, Roger H and Chitsazzadeh, Shadi and Kirby, Larry},
  journal={The Astrophysical Journal},
  volume={706},
  number={2},
  pages={1504},
  year={2009},
  publisher={IOP Publishing}
}

@article{davis1951strength,
  title={The strength of interstellar magnetic fields},
  author={Davis Jr, Leverett},
  journal={Physical Review},
  volume={81},
  number={5},
  pages={890},
  year={1951},
  publisher={APS}
}

@article{chandrasekhar1953magnetic,
  title={Magnetic Fields in Spiral Arms.},
  author={Chandrasekhar, Subrahmanyan and Fermi, Enrico},
  journal={The Astrophysical Journal},
  volume={118},
  pages={113},
  year={1953}
}

@article{ma1996texture,
  title={Texture synthesis with line integral convolution},
  author={Ma, K-L},
  journal={ACM SIGGRAPH97 Course Notes},
  volume={8},
  year={1996}
}

@article{stalling1995fast,
  title={Fast and resolution independent line integral convolution},
  author={Stalling, Detlev and Hege, Hans-Christian},
  year={1995}
}

@article{ade2016planck,
  title={Planck intermediate results-XXXV. Probing the role of the magnetic field in the formation of structure in molecular clouds},
  author={Ade, PAR and Aghanim, Nabila and Alves, MIR and Arnaud, M and Arzoumanian, D and Ashdown, M and Aumont, J and Baccigalupi, C and Banday, AJ and Barreiro, RB and others},
  journal={Astronomy \& Astrophysics},
  volume={586},
  pages={A138},
  year={2016},
  publisher={EDP Sciences}
}

@book{hecht2002optics,
  title={Optics},
  author={Hecht, E.},
  isbn={9780805385663},
  lccn={20010325},
  series={Pearson education},
  url={https://books.google.com/books?id=7aG6QgAACAAJ},
  year={2002},
  publisher={Addison-Wesley}
}

@article{kramer2008clumpy,
  title={Clumpy photon-dominated regions in Carina-I.[C I] and mid-J CO lines in two 4$^{\prime\prime}$ x 4$^{\prime\prime}$},
  author={Kramer, C and Cubick, M and R{\"o}llig, M and Sun, K and Yonekura, Y and Aravena, M and Bensch, F and Bertoldi, F and Bronfman, L and Fujishita, M and others},
  journal={Astronomy \& Astrophysics},
  volume={477},
  number={2},
  pages={547--555},
  year={2008},
  publisher={EDP Sciences}
}

@article{lasker2008second,
  title={The second-generation guide star catalog: description and properties},
  author={Lasker, Barry M and Lattanzi, Mario G and McLean, Brian J and Bucciarelli, Beatrice and Drimmel, Ronald and Garcia, Jorge and Greene, Gretchen and Guglielmetti, Fabrizia and Hanley, Christopher and Hawkins, George and others},
  journal={The Astronomical Journal},
  volume={136},
  number={2},
  pages={735},
  year={2008},
  publisher={IOP Publishing}
}

@article{gaustad2001robotic,
  title={A Robotic Wide-Angle H$\alpha$ Survey of the Southern Sky},
  author={Gaustad, John E and McCullough, Peter R and Rosing, Wayne and Van Buren, Dave},
  journal={Publications of the Astronomical Society of the Pacific},
  volume={113},
  number={789},
  pages={1326},
  year={2001},
  publisher={IOP Publishing}
}

@article{smith2000large,
  title={Large-scale structure of the Carina nebula},
  author={Smith, Nathan and Egan, Michael P and Carey, Sean and Price, Stephan D and Morse, Jon A and Price, Paul A},
  journal={The Astrophysical Journal Letters},
  volume={532},
  number={2},
  pages={L145},
  year={2000},
  publisher={IOP Publishing}
}

@article{townsley2011introduction,
  title={An introduction to the chandra carina complex project},
  author={Townsley, Leisa K and Broos, Patrick S and Corcoran, Michael F and Feigelson, Eric D and Gagn{\'e}, Marc and Montmerle, Thierry and Oey, MS and Smith, Nathan and Garmire, Gordon P and Getman, Konstantin V and others},
  journal={The Astrophysical Journal Supplement Series},
  volume={194},
  number={1},
  pages={1},
  year={2011},
  publisher={IOP Publishing}
}

@article{davidson2018gaia,
  title={Gaia, Trumpler 16, and Eta Carinae},
  author={Davidson, Kris and Helmel, Greta and Humphreys, Roberta M},
  journal={arXiv preprint arXiv:1808.02073},
  year={2018}
}

@article{zeidler2016vista,
  title={The VISTA Carina Nebula Survey-II. Spatial distribution of the infrared-excess-selected young stellar population},
  author={Zeidler, Peter and Preibisch, Thomas and Ratzka, Thorsten and Roccatagliata, Veronica and Petr-Gotzens, Monika G},
  journal={Astronomy \& Astrophysics},
  volume={585},
  pages={A49},
  year={2016},
  publisher={Edp Sciences}
}

@article{preibisch2014vista,
  title={The VISTA Carina Nebula Survey-I. Introduction and source catalog},
  author={Preibisch, T and Zeidler, P and Ratzka, T and Roccatagliata, V and Petr-Gotzens, MG},
  journal={Astronomy \& Astrophysics},
  volume={572},
  pages={A116},
  year={2014},
  publisher={EDP Sciences}
}

@article{oberst2006detection,
  title={Detection of the 205 $\mu$m [N II] Line from the Carina Nebula},
  author={Oberst, TE and Parshley, SC and Stacey, GJ and Nikola, T and L{\"o}hr, A and Harnett, JI and Tothill, NFH and Lane, AP and Stark, AA and Tucker, CE},
  journal={The Astrophysical Journal Letters},
  volume={652},
  number={2},
  pages={L125},
  year={2006},
  publisher={IOP Publishing}
}

@article{smith2010spitzer,
  title={Spitzer Space Telescope observations of the Carina nebula: the steady march of feedback-driven star formation},
  author={Smith, Nathan and Povich, Matthew S and Whitney, Barbara A and Churchwell, Ed and Babler, Brian L and Meade, Marilyn R and Bally, John and Gehrz, Robert D and Robitaille, Thomas P and Stassun, Keivan G},
  journal={Monthly Notices of the Royal Astronomical Society},
  volume={406},
  number={2},
  pages={952--974},
  year={2010},
  publisher={The Royal Astronomical Society}
}

@article{smith2008carina,
  title={The Carina Nebula: A Laboratory for Feedback and Triggered Star Formation},
  author={Smith, Nathan and Brooks, Kate J},
  journal={arXiv preprint arXiv:0809.5081},
  year={2008}
}

@article{gaczkowski2013herschel,
  title={Herschel far-infrared observations of the Carina Nebula complex-II. The embedded young stellar and protostellar population},
  author={Gaczkowski, Benjamin and Preibisch, Thomas and Ratzka, Thorsten and Roccatagliata, Veronica and Ohlendorf, Henrike and Zinnecker, Hans},
  journal={Astronomy \& Astrophysics},
  volume={549},
  pages={A67},
  year={2013},
  publisher={EDP Sciences}
}

@article{roccatagliata2013herschel,
  title={Herschel far-infrared observations of the Carina Nebula complex-III. Detailed cloud structure and feedback effects},
  author={Roccatagliata, Veronica and Preibisch, Thomas and Ratzka, Thorsten and Gaczkowski, Benjamin},
  journal={Astronomy \& Astrophysics},
  volume={554},
  pages={A6},
  year={2013},
  publisher={EDP Sciences}
}

@article{preibisch2011hawk,
  title={Deep wide-field near-infrared survey of the Carina Nebula},
  author={Preibisch, Thomas and Ratzka, Thorsten and Kuderna, Benjamin and Ohlendorf, Henrike and King, Robert R and Hodgkin, Simon and Irwin, Mike and Lewis, James R and McCaughrean, Mark J and Zinnecker, Hans},
  journal={Astronomy \& Astrophysics},
  volume={530},
  pages={A34},
  year={2011},
  publisher={EDP Sciences}
}

@article{preibisch2011laboca,
  title={A deep wide-field sub-mm survey of the Carina Nebula complex},
  author={Preibisch, Thomas and Schuller, Frederic and Ohlendorf, Henrike and Pekruhl, Stephanie and Menten, Karl M and Zinnecker, Hans},
  journal={Astronomy \& Astrophysics},
  volume={525},
  pages={A92},
  year={2011},
  publisher={EDP Sciences}
}

@article{lucy1974iterative,
  title={An iterative technique for the rectification of observed distributions},
  author={Lucy, Leon B},
  journal={The astronomical journal},
  volume={79},
  pages={745},
  year={1974}
}

@article{richardson1972bayesian,
  title={Bayesian-based iterative method of image restoration},
  author={Richardson, William Hadley},
  journal={JOSA},
  volume={62},
  number={1},
  pages={55--59},
  year={1972},
  publisher={Optical Society of America}
}

@article{vaillancourt2012submillimeter,
  title={Submillimeter polarization of Galactic clouds: a comparison of 350 $\mu$m and 850 $\mu$m data},
  author={Vaillancourt, John E and Matthews, Brenda C},
  journal={The Astrophysical Journal Supplement Series},
  volume={201},
  number={2},
  pages={13},
  year={2012},
  publisher={IOP Publishing}
}

@article{ashton2018first,
  title={First observation of the submillimeter polarization spectrum in a translucent molecular cloud},
  author={Ashton, Peter C and Ade, Peter AR and Angil{\`e}, Francesco E and Benton, Steven J and Devlin, Mark J and Dober, Bradley and Fissel, Laura M and Fukui, Yasuo and Galitzki, Nicholas and Gandilo, Natalie N and others},
  journal={The Astrophysical Journal},
  volume={857},
  number={1},
  pages={10},
  year={2018},
  publisher={IOP Publishing}
}

@phdthesis{benton2015mapping,
  title={Mapping submillimetre polarization with BLASTPol},
  author={Benton, Steven James},
  year={2015}
}

@article{abergel2014planck,
  title={Planck 2013 results. XI. All-sky model of thermal dust emission},
  author={Abergel, A and Ade, Peter AR and Aghanim, N and Alves, MIR and Aniano, G and Armitage-Caplan, C and Arnaud, M and Ashdown, M and Atrio-Barandela, F and Aumont, J and others},
  journal={Astronomy \& Astrophysics},
  volume={571},
  pages={A11},
  year={2014},
  publisher={EDP Sciences}
}

@article{matthews2001magnetic,
  title={Magnetic fields in star-forming molecular clouds. II. The depolarization effect in the OMC-3 filament of Orion A},
  author={Matthews, Brenda C and Wilson, Christine D and Fiege, Jason D},
  journal={The Astrophysical Journal},
  volume={562},
  number={1},
  pages={400},
  year={2001},
  publisher={IOP Publishing}
}

@article{ade2015planck,
  title={Planck intermediate results. XIX. An overview of the polarized thermal emission from Galactic dust},
  author={Ade, Peter AR and Aghanim, Nabila and Alina, D and Alves, MIR and Armitage-Caplan, C and Arnaud, M and Arzoumanian, D and Ashdown, M and Atrio-Barandela, F and Aumont, J and others},
  journal={Astronomy \& Astrophysics},
  volume={576},
  pages={A104},
  year={2015},
  publisher={EDP Sciences}
}

@inproceedings{griffin2003spire,
  title={SPIRE-Herschel's submillimetre camera and spectrometer},
  author={Griffin, Matthew J and Swinyard, Bruce Miles and Vigroux, Laurent G},
  booktitle={IR Space Telescopes and Instruments},
  volume={4850},
  pages={686--698},
  year={2003},
  organization={International Society for Optics and Photonics}
}

@book{shariff2015polarimetry,
  title={Polarimetry from the stratosphere with SPIDER and BLASTPol},
  author={Shariff, Jamil Aly},
  year={2015},
  publisher={University of Toronto (Canada)}
}

@article{shariff2019submillimeter,
  title={Submillimeter Polarization Spectrum of the Carina Nebula},
  author={Shariff, Jamil A and Ade, Peter AR and Angil{\`e}, Francesco E and Ashton, Peter and Benton, Steven J and Devlin, Mark J and Dober, Bradley and Fissel, Laura M and Fukui, Yasuo and Galitzki, Nicholas and others},
  journal={The Astrophysical Journal},
  volume={872},
  number={2},
  pages={197},
  year={2019},
  publisher={IOP Publishing}
}

@article{allen1993shape,
  title={The Shape of the Homunculus Nebula around $\eta$ Carinae},
  author={Allen, DA and Hillier, DJ},
  journal={Publications of the Astronomical Society of Australia},
  volume={10},
  number={4},
  pages={338--341},
  year={1993},
  publisher={Cambridge University Press}
}

@article{smith2006structure,
  title={The structure of the Homunculus. I. Shape and latitude dependence from H2 and [Fe II] velocity maps of $\eta$ Carinae},
  author={Smith, Nathan},
  journal={The Astrophysical Journal},
  volume={644},
  number={2},
  pages={1151},
  year={2006},
  publisher={IOP Publishing}
}

@article{bohlin224savage,
  title={Savage. BD, \& Drake, JF 1978},
  author={Bohlin, RC},
  journal={ApJ},
  volume={224},
  year={1978},
  pages={132}
}

@article{li2006results,
  title={Results of SPARO 2003: mapping magnetic fields in giant molecular clouds},
  author={Li, Hua-bai and Griffin, GS and Krejny, M and Novak, G and Loewenstein, RF and Newcomb, MG and Calisse, PG and Chuss, DT},
  journal={The Astrophysical Journal},
  volume={648},
  number={1},
  pages={340},
  year={2006},
  publisher={IOP Publishing}
}

@techreport{cabral1993imaging,
  title={Imaging vector fields using line integral convolution},
  author={Cabral, Brian and Leedom, Leith Casey},
  year={1993},
  institution={Lawrence Livermore National Lab., CA (United States)}
}

@article{noguchi2018analysis,
  title={Analysis of characteristics of Al MKID resonators},
  author={Noguchi, Takashi and Dominjon, Agnes and Sekimoto, Yutaro},
  journal={IEEE Transactions on Applied Superconductivity},
  volume={28},
  number={4},
  pages={1--6},
  year={2018},
  publisher={IEEE}
}

@article{weber2011single,
  title={Single crystal silicon capacitors with low microwave loss in the single photon regime},
  author={Weber, SJ and Murch, KW and Slichter, DH and Vijay, R and Siddiqi, I},
  journal={Applied Physics Letters},
  volume={98},
  number={17},
  pages={172510},
  year={2011},
  publisher={AIP}
}

@article{gao2008semiempirical,
  title={A semiempirical model for two-level system noise in superconducting microresonators},
  author={Gao, Jiansong and Daal, Miguel and Martinis, John M and Vayonakis, Anastasios and Zmuidzinas, Jonas and Sadoulet, Bernard and Mazin, Benjamin A and Day, Peter K and Leduc, Henry G},
  journal={Applied Physics Letters},
  volume={92},
  number={21},
  pages={212504},
  year={2008},
  publisher={AIP}
}

@phdthesis{barry2014development,
  title={On the development of SuperSpec: a fully integrated on-chip spectrometer for far-infrared astronomy},
  author={Barry, Peter},
  year={2014},
  school={Cardiff University}
}

@article{martinis2005decoherence,
  title={Decoherence in Josephson qubits from dielectric loss},
  author={Martinis, John M and Cooper, Ken B and McDermott, Robert and Steffen, Matthias and Ansmann, Markus and Osborn, KD and Cicak, Katarina and Oh, Seongshik and Pappas, David P and Simmonds, Raymond W and others},
  journal={Physical review letters},
  volume={95},
  number={21},
  pages={210503},
  year={2005},
  publisher={APS}
}

@phdthesis{rowe2015passive,
  title={Passive terahertz imaging with lumped element kinetic inductance detectors},
  author={Rowe, Samuel},
  year={2015},
  school={Cardiff University}
}

@book{fox2006quantum,
  title={Quantum optics: an introduction},
  author={Fox, Mark},
  volume={15},
  year={2006},
  publisher={OUP Oxford}
}

@misc{kittel1998thermal,
  title={Thermal physics},
  author={Kittel, Charles and Kroemer, Herbert},
  year={1998},
  publisher={AAPT}
}

@article{nyquist1928thermal,
  title={Thermal agitation of electric charge in conductors},
  author={Nyquist, Harry},
  journal={Physical review},
  volume={32},
  number={1},
  pages={110},
  year={1928},
  publisher={APS}
}

@article{johnson,
  title = {Thermal Agitation of Electricity in Conductors},
  author = {Johnson, J. B.},
  journal = {Phys. Rev.},
  volume = {32},
  issue = {1},
  pages = {97--109},
  numpages = {0},
  year = {1928},
  month = {Jul},
  publisher = {American Physical Society},
  doi = {10.1103/PhysRev.32.97},
  url = {https://link.aps.org/doi/10.1103/PhysRev.32.97}
}

@article{zmuidzinas2012superconducting,
  title={Superconducting microresonators: Physics and applications},
  author={Zmuidzinas, Jonas},
  journal={Annu. Rev. Condens. Matter Phys.},
  volume={3},
  number={1},
  pages={169--214},
  year={2012},
  publisher={Annual Reviews}
}

@book{duffing1918erzwungene,
  title={Erzwungene Schwingungen bei ver{\"a}nderlicher Eigenfrequenz und ihre technische Bedeutung},
  author={Duffing, Georg},
  number={41-42},
  year={1918},
  publisher={F. Vieweg \& sohn}
}

@article{anlage1989current,
  title={A current controlled variable delay superconducting transmission line},
  author={Anlage, SM and Snortland, HJ and Beasley, MR},
  journal={IEEE Transactions on Magnetics},
  volume={25},
  number={2},
  pages={1388--1391},
  year={1989},
  publisher={IEEE}
}

@article{hailey2016low,
  title={Low noise titanium nitride kids for superspec: A millimeter-wave on-chip spectrometer},
  author={Hailey-Dunsheath, S and Shirokoff, E and Barry, PS and Bradford, CM and Chapman, S and Che, G and Glenn, J and Hollister, M and Kov{\'a}cs, A and LeDuc, HG and others},
  journal={Journal of Low Temperature Physics},
  volume={184},
  number={1-2},
  pages={180--187},
  year={2016},
  publisher={Springer}
}

@article{hubmayr2015photon,
  title={Photon-noise limited sensitivity in titanium nitride kinetic inductance detectors},
  author={Hubmayr, Johannes and Beall, Jim and Becker, Dan and Cho, H-M and Devlin, Mark and Dober, Bradley and Groppi, Chris and Hilton, Gene C and Irwin, Kent D and Li, Dale and others},
  journal={Applied Physics Letters},
  volume={106},
  number={7},
  pages={073505},
  year={2015},
  publisher={AIP Publishing}
}

@article{catalano2014performance,
  title={Performance and calibration of the NIKA camera at the IRAM 30 m telescope},
  author={Catalano, A and Calvo, M and Ponthieu, N and Adam, R and Adane, A and Ade, P and Andr{\'e}, P and Beelen, A and Belier, B and Benoit, A and others},
  journal={Astronomy \& Astrophysics},
  volume={569},
  pages={A9},
  year={2014},
  publisher={EDP Sciences}
}

@article{mauskopf2014photon,
  title={Photon-noise limited performance in aluminum lekids},
  author={Mauskopf, PD and Doyle, S and Barry, P and Rowe, S and Bidead, A and Ade, PAR and Tucker, C and Castillo, E and Monfardini, A and Goupy, J and others},
  journal={Journal of Low Temperature Physics},
  volume={176},
  number={3-4},
  pages={545--552},
  year={2014},
  publisher={Springer}
}

@article{flanigan2016photon,
  title={Photon noise from chaotic and coherent millimeter-wave sources measured with horn-coupled, aluminum lumped-element kinetic inductance detectors},
  author={Flanigan, Daniel and McCarrick, Heather and Jones, Glenn and Johnson, Bradley R and Abitbol, Maximilian H and Ade, Peter and Araujo, Derek and Bradford, Kristi and Cantor, Robin and Che, George and others},
  journal={Applied Physics Letters},
  volume={108},
  number={8},
  pages={083504},
  year={2016},
  publisher={AIP Publishing}
}

@phdthesis{de2014quasiparticle,
  title={Quasiparticle dynamics in aluminium superconducting microwave resonators},
  author={De Visser, PJ},
  year={2014},
  school={TU Delft, Delft University of Technology}
}

@article{drude1900elektronentheorie,
  title={Zur elektronentheorie der metalle},
  author={Drude, Paul},
  journal={Annalen der Physik},
  volume={306},
  number={3},
  pages={566--613},
  year={1900},
  publisher={Wiley Online Library}
}

@article{PhysRevLett.28.1559,
  title = {Superconducting State under the Influence of External Dynamic Pair Breaking},
  author = {Owen, C. S. and Scalapino, D. J.},
  journal = {Phys. Rev. Lett.},
  volume = {28},
  issue = {24},
  pages = {1559--1561},
  numpages = {0},
  year = {1972},
  month = {Jun},
  publisher = {American Physical Society},
  doi = {10.1103/PhysRevLett.28.1559},
  url = {https://link.aps.org/doi/10.1103/PhysRevLett.28.1559}
}

@article{glover1957conductivity,
  title={Conductivity of Superconducting Films for Photon Energies between 0.3 and 4 0 k T c},
  author={Glover, RE and Tinkham, Ms},
  journal={Physical Review},
  volume={108},
  number={2},
  pages={243},
  year={1957},
  publisher={APS}
}

@book{tinkham2004introduction,
  title={Introduction to superconductivity},
  author={Tinkham, Michael},
  year={2004},
  publisher={Courier Corporation}
}

@article{gorter1934supraconductivity,
  title={On supraconductivity I},
  author={Gorter, Cornelis Jacobus and Casimir, H},
  journal={Physica},
  volume={1},
  number={1-6},
  pages={306--320},
  year={1934},
  publisher={Elsevier}
}

@article{annunziata2010tunable,
  title={Tunable superconducting nanoinductors},
  author={Annunziata, Anthony J and Santavicca, Daniel F and Frunzio, Luigi and Catelani, Gianluigi and Rooks, Michael J and Frydman, Aviad and Prober, Daniel E},
  journal={Nanotechnology},
  volume={21},
  number={44},
  pages={445202},
  year={2010},
  publisher={IOP Publishing}
}

@phdthesis{gao2008physics,
  title={The physics of superconducting microwave resonators},
  author={Gao, Jiansong},
  year={2008},
  school={California Institute of Technology}
}

@article{mauskopf2018transition,
  title={Transition edge sensors and kinetic inductance detectors in astronomical instruments},
  author={Mauskopf, PD},
  journal={Publications of the Astronomical Society of the Pacific},
  volume={130},
  number={990},
  pages={082001},
  year={2018},
  publisher={IOP Publishing}
}

@article{mattis1958theory,
  title={Theory of the anomalous skin effect in normal and superconducting metals},
  author={Mattis, DC and Bardeen, John},
  journal={Physical Review},
  volume={111},
  number={2},
  pages={412},
  year={1958},
  publisher={APS}
}

@article{bardeen1957theory,
  title={Theory of superconductivity},
  author={Bardeen, John and Cooper, Leon N and Schrieffer, John Robert},
  journal={Physical Review},
  volume={108},
  number={5},
  pages={1175},
  year={1957},
  publisher={APS}
}

@article{niemack2016bfore,
  title={{BFORE}: The B-mode Foreground Experiment},
  author={Niemack, Michael D and others},
  journal={Journal of Low Temperature Physics},
  volume={184},
  number={3-4},
  pages={746--753},
  year={2016},
  publisher={Springer}
}

@article{sukumar1989large,
  title={Large-scale magnetic-field structure in the spiral galaxy M83},
  author={Sukumar, S and Allen, RJ},
  journal={Nature},
  volume={340},
  number={6234},
  pages={537},
  year={1989},
  publisher={Nature Publishing Group}
}

@article{beck1996magnetic,
  title={Magnetic spiral arms in the galaxy NGC6946},
  author={Beck, R and Hoernes, P},
  journal={Nature},
  volume={379},
  number={6560},
  pages={47},
  year={1996},
  publisher={Nature Publishing Group}
}


@article{shirokoff2014design,
  title={Design and performance of {SuperSpec}: An on-chip, KID-based, mm-wavelength spectrometer},
  author={Shirokoff, E and others},
  journal={Journal of Low Temperature Physics},
  volume={176},
  number={5-6},
  pages={657--662},
  year={2014},
  publisher={Springer}
}

@inproceedings{bryan2018toltec,
  title={The TolTEC Camera for the {LMT} Telescope},
  author={Bryan, Sean},
  booktitle={Atacama Large-Aperture Submm/mm Telescope (AtLAST)},
  year={2018}
}

@inproceedings{galitzki2014balloon,
  title={The balloon-borne large aperture submillimeter telescope for polarimetry-BLASTPol: Performance and results from the 2012 Antarctic flight},
  author={Galitzki, N and others},
  booktitle={Ground-based and Airborne Telescopes V},
  volume={9145},
  pages={91450R},
  year={2014},
  organization={International Society for Optics and Photonics}
}

@article{smith2005opening,
  title={Opening the treasure chest: a newborn star cluster emerges from Its dust pillar in Carina},
  author={Smith, Nathan and Stassun, Keivan G and Bally, John},
  journal={The Astronomical Journal},
  volume={129},
  number={2},
  pages={888},
  year={2005},
  publisher={IOP Publishing}
}

@article{preibisch2012herschel,
  title={Herschel far-infrared observations of the Carina Nebula complex-I. Introduction and global cloud structure},
  author={Preibisch, Thomas and others},
  journal={Astronomy \& Astrophysics},
  volume={541},
  pages={A132},
  year={2012},
  publisher={EDP Sciences}
}

@article{fissel2016balloon,
  title={Balloon-Borne Submillimeter Polarimetry of the {Vela C} Molecular Cloud: Systematic Dependence of Polarization Fraction on Column Density and Local Polarization-Angle Dispersion},
  author={Fissel, Laura M and others},
  journal={The Astrophysical Journal},
  volume={824},
  number={2},
  pages={134},
  year={2016},
  publisher={IOP Publishing}
}

@article{gandilo2016submillimeter,
  title={Submillimeter polarization spectrum in the vela c molecular cloud},
  author={Gandilo, Natalie N and others},
  journal={The Astrophysical Journal},
  volume={824},
  number={2},
  pages={84},
  year={2016},
  publisher={IOP Publishing}
}

@article{soler2018magnetic,
  title={The magnetic environment of the {Orion-Eridanus} superbubble as revealed by Planck},
  author={Soler, JD and Bracco, A and Pon, A},
  journal={Astronomy \& Astrophysics},
  volume={609},
  pages={L3},
  year={2018},
  publisher={EDP Sciences}
}

@article{swenson2013operation,
  title={Operation of a titanium nitride superconducting microresonator detector in the nonlinear regime},
  author={Swenson, LJ and others},
  journal={Journal of Applied Physics},
  volume={113},
  number={10},
  pages={104501},
  year={2013},
  publisher={AIP}
}

@article{van2015magnetic,
  title={Magnetic fields in a sample of nearby spiral galaxies},
  author={Van Eck, CL and Brown, JC and Shukurov, Anvar and Fletcher, Andrew},
  journal={The Astrophysical Journal},
  volume={799},
  number={1},
  pages={35},
  year={2015},
  publisher={IOP Publishing}
}

@article{krause1989magnetic,
  title={The magnetic field structures in two nearby spiral galaxies. I-The axisymmetric spiral magnetic field in IC342. II-The bisymmetric spiral magnetic field in M81},
  author={Krause, Marita and Hummel, E and Beck, R},
  journal={Astronomy and astrophysics},
  volume={217},
  pages={4--30},
  year={1989}
}


@article{blastresolved,
  title={{BLAST} observations of resolved galaxies: temperature profiles and the effect of active galactic nuclei on FIR to submillimeter emission},
  author={Wiebe, Donald V and others},
  journal={The Astrophysical Journal},
  volume={707},
  number={2},
  pages={1809},
  year={2009},
  publisher={IOP Publishing}
}

@article{blast2006,
  title={Over half of the far-infrared background light comes from galaxies at z $\geq$ 1.2},
  author={Devlin, Mark J and others},
  journal={Nature},
  volume={458},
  number={7239},
  pages={737--739},
  year={2009},
  publisher={Nature Publishing Group}
}

@inproceedings{pixie,
  title={The primordial inflation explorer ({PIXIE})},
  author={Kogut, Alan and others},
  booktitle={SPIE Astronomical Telescopes+ Instrumentation},
  pages={91431E--91431E},
  year={2014},
  organization={International Society for Optics and Photonics}
}

@article{beckreview,
  title={The origin of magnetic fields in galaxies: Observational tests with the Square Kilometre Array},
  author={Beck, RAINER},
  journal={Astronomische Nachrichten},
  volume={327},
  number={5-6},
  pages={512--516},
  year={2006},
  publisher={Wiley Online Library}
}

@article{dale2012herschel,
  title={Herschel Far-infrared and Submillimeter Photometry for the KINGFISH Sample of nearby Galaxies},
  author={Dale, DA and Aniano, G and Engelbracht, CW and Hinz, JL and Krause, O and Montiel, EJ and Roussel, H and Appleton, PN and Armus, L and Beir{\~a}o, P and others},
  journal={The Astrophysical Journal},
  volume={745},
  number={1},
  pages={95},
  year={2012},
  publisher={IOP Publishing}
}

@article{lutz2014far,
  title={Far-infrared surveys of galaxy evolution},
  author={Lutz, Dieter},
  journal={Annual Review of Astronomy and Astrophysics},
  volume={52},
  pages={373--414},
  year={2014},
  publisher={Annual Reviews}
}

@article{beck2012magnetic,
  title={Magnetic fields in galaxies},
  author={Beck, Rainer},
  journal={Space Science Reviews},
  volume={166},
  number={1-4},
  pages={215--230},
  year={2012},
  publisher={Springer}
}

@article{hess2009anomalous,
  title={ANOMALOUS H I IN NGC 2997},
  author={Hess, Kelley M and Pisano, DJ and Wilcots, Eric M and Chengalur, Jayaram N},
  journal={The Astrophysical Journal},
  volume={699},
  number={1},
  pages={76},
  year={2009},
  publisher={IOP Publishing}
}

@article{gordon2016,
	title={An Open Source, {FPGA}-Based {LeKID} Readout for {BLAST-TNG}: Pre-Flight Results},
    author={Gordon, Samuel and others},
    journal={Journal of Astronomical Instrumentation},
    volume={5},
    number={4},
    year={2016},
    publisher={World Scientific}
}

@article{starfire,
  title={The Spectroscopic Terahertz Airborne Receiver for Far-InfraRed Exploration ({STARFIRE}): a Next-Generation Experiment for Galaxy Evolution Studies},
  author={Aguirre, James},
  journal={NASA APRA Proposal},
  year={2015}
}

@inproceedings{superspec,
  title={MKID development for SuperSpec: an on-chip, mm-wave, filter-bank spectrometer},
  author={Shirokoff, E and others},
  booktitle={SPIE Astronomical Telescopes+ Instrumentation},
  pages={84520R--84520R},
  year={2012},
  organization={International Society for Optics and Photonics}
}

@inproceedings{kidcam,
  title={A general purpose terahertz camera based on kinetic inductance detectors for commercial/industrial applications},
  author={Rowe, S and others},
  booktitle={Infrared, Millimeter, and Terahertz waves (IRMMW-THz), 2016 41st International Conference on},
  pages={1--1},
  year={2016},
  organization={IEEE}
}

@article{toltec,
  title={Design of a 2-mm Wavelength KIDs Prototype Camera for the Large Millimeter Telescope},
  author={Velazquez, M and others},
  journal={Journal of Low Temperature Physics},
  volume={184},
  number={3-4},
  pages={799--804},
  year={2016},
  publisher={Springer}
}

@inproceedings{olimpo,
  title={A balloon-borne survey of the mm/sub-mm sky: {OLIMPO}},
  author={Masi, S and others},
  booktitle={17th ESA Symposium on European Rocket and Balloon Programmes and Related Research},
  volume={590},
  pages={581--586},
  year={2005}
}

@inproceedings{actpol,
  title={{ACTPol}: a polarization-sensitive receiver for the Atacama Cosmology Telescope},
  author={Niemack, MD and others},
  booktitle={SPIE Astronomical Telescopes+ Instrumentation},
  pages={77411S--77411S},
  year={2010},
  organization={International Society for Optics and Photonics}
}

@article{mustang2,
  title={MUSTANG 2: A Large Focal Plane Array for the 100 m Green Bank Telescope},
  author={Dicker, SR and others},
  journal={Journal of Low Temperature Physics},
  volume={176},
  number={5-6},
  pages={808--814},
  year={2014},
  publisher={Springer}
}

@article{spider,
  title={SPIDER: {P}robing the early Universe with a suborbital polarimeter},
  author={Fraisse, Aur{\'e}lien A and others},
  journal={Journal of Cosmology and Astroparticle Physics},
  volume={2013},
  number={04},
  pages={047},
  year={2013},
  publisher={IOP Publishing}
}

@article{nika,
  title={The {NIKA} instrument: results and perspectives towards a permanent {KID} based camera for the Pico Veleta observatory},
  author={D'Addabbo, A and others},
  journal={arXiv preprint arXiv:1312.4801},
  year={2013}
}

@inproceedings{sptpol,
  title={{SPTpol}: An instrument for CMB polarization measurements with the South Pole Telescope},
  author={Austermann, Jason E and others},
  booktitle={SPIE Astronomical Telescopes+ Instrumentation},
  pages={84521E--84521E},
  year={2012},
  organization={International Society for Optics and Photonics}
}

@article{polarbear,
  title={A measurement of the cosmic microwave background B-mode polarization power spectrum at sub-degree scales with POLARBEAR},
  author={Ade, PAR and others},
  journal={The Astrophysical Journal},
  volume={794},
  number={2},
  pages={171},
  year={2014},
  publisher={IOP Publishing}
}

@inproceedings{ebex,
  title={{EBEX}: a balloon-borne CMB polarization experiment},
  author={Reichborn-Kjennerud, Britt and others},
  booktitle={SPIE Astronomical Telescopes+ Instrumentation},
  pages={77411C--77411C},
  year={2010},
  organization={International Society for Optics and Photonics}
}

@article{litebird,
  title={Mission design of {LiteBIRD}},
  author={Matsumura, T and others},
  journal={Journal of Low Temperature Physics},
  volume={176},
  number={5-6},
  pages={733--740},
  year={2014},
  publisher={Springer}
}

@inproceedings{piper,
  title={The Primordial Inflation Polarization Explorer ({PIPER})},
  author={Lazear, Justin and others},
  booktitle={SPIE Astronomical Telescopes+ Instrumentation},
  pages={91531L--91531L},
  year={2014},
  organization={International Society for Optics and Photonics}
}

@article{planck,
  title={Planck 2013 results. {XVI}. {C}osmological parameters},
  author={Ade, Peter and others},
  journal={Astronomy \& Astrophysics},
  volume={571},
  pages={A16},
  year={2014},
  publisher={EDP Sciences}
}

@article{galitzki,
  title={The Next Generation {BLAST} Experiment},
  author={Galitzki, Nicholas and others},
  journal={Journal of Astronomical Instrumentation},
  volume={3},
  number={02},
  pages={1440001},
  year={2014},
  publisher={World Scientific}
}

@inproceedings{dober,
  title={The next-generation {BLASTPol} experiment},
  author={Dober, Bradley and others},
  booktitle={SPIE Astronomical Telescopes+ Instrumentation},
  pages={91530H--91530H},
  year={2014},
  organization={International Society for Optics and Photonics}
}

@inproceedings{blastpol,
  title={The balloon-borne large-aperture submillimeter telescope for polarimetry-BLASTPol: performance and results from the 2010 Antarctic flight},
  author={Pascale, Enzo and others},
  booktitle={SPIE Astronomical Telescopes+ Instrumentation},
  pages={844415--844415},
  year={2012},
  organization={International Society for Optics and Photonics}
}

@article{lekids,
  title={Lumped element kinetic inductance detectors},
  author={Doyle, Simon and Mauskopf, P and Naylon, J and Porch, Adrian and Duncombe, C},
  journal={Journal of Low Temperature Physics},
  volume={151},
  number={1},
  pages={530--536},
  year={2008},
  publisher={Springer}
}
